@article{hirsch1997complete,
  title={Complete representations in algebraic logic},
  author={Hirsch, Robin and Hodkinson, Ian},
  journal={Journal of Symbolic Logic},
  pages={816--847},
  year={1997},
  publisher={JSTOR}
}
@article{Henkin1988-HENCAP-4,
	journal = {Journal of Symbolic Logic},
	pages = {651--653},
	doi = {10.2307/2274537},
	year = {1988},
	volume = {53},
	author = {Leon Henkin and J. Donald Monk and Alfred Tarski},
	publisher = {Association for Symbolic Logic},
	title = {Cylindric Algebras. Part II},
	number = {2}
}
@Inbook{Venema2013,
author="Venema, Yde",
editor="Andr{\'e}ka, Hajnal
and Ferenczi, Mikl{\'o}s
and N{\'e}meti, Istv{\'a}n",
title="Cylindric Modal Logic",
bookTitle="Cylindric-like Algebras and Algebraic Logic",
year="2013",
publisher="Springer Berlin Heidelberg",
address="Berlin, Heidelberg",
pages="249--269",
doi="10.1007/978-3-642-35025-2_12",
url="https://doi.org/10.1007/978-3-642-35025-2_12"
}
@incollection{fine1975some,
  title={Some connections between elementary and modal logic},
  author={Fine, Kit},
  booktitle={Studies in Logic and the Foundations of Mathematics},
  volume={82},
  pages={15--31},
  year={1975},
  publisher={Elsevier}
}
@article{goldblatt1995elementary,
  title={Elementary generation and canonicity for varieties of Boolean algebras with operators},
  author={Goldblatt, Robert},
  journal={Algebra Universalis},
  volume={34},
  number={4},
  pages={551--607},
  year={1995},
  publisher={Springer}
}
@article{hirsch2014neat,
  title={The neat embedding problem for algebras other than cylindric algebras and for infinite dimensions},
  author={Hirsch, Robin and Ahmed, Tarek Sayed},
  journal={The Journal of Symbolic Logic},
  volume={79},
  number={1},
  pages={208--222},
  year={2014},
  publisher={Cambridge University Press}
}
@article{hirsch2009strongly,
  title={Strongly representable atom structures of cylindric algebras},
  author={Hirsch, Robin and Hodkinson, Ian},
  journal={The Journal of Symbolic Logic},
  volume={74},
  number={3},
  pages={811--828},
  year={2009},
  publisher={Cambridge University Press}
}
@article{hirsch2013completions,
  title={Completions and complete representations},
  author={Hirsch, Robin and Hodkinson, Ian},
  journal={Cylindric-like Algebras and Algebraic Logic},
  pages={61--89},
  year={2013},
  publisher={Springer}
}
@article{bulian2013bare,
  title={Bare canonicity of representable cylindric and polyadic algebras},
  author={Bulian, Jannis and Hodkinson, Ian},
  journal={Annals of Pure and Applied Logic},
  volume={164},
  number={9},
  pages={884--906},
  year={2013},
  publisher={Elsevier}
}
@article{hodkinson2005canonical,
  title={Canonical varieties with no canonical axiomatisation},
  author={Hodkinson, Ian and Venema, Yde},
  journal={Transactions of the American Mathematical Society},
  volume={357},
  number={11},
  pages={4579--4605},
  year={2005}
}
@article{venema1995cylindric,
  title={Cylindric modal logic},
  author={Venema, Yde},
  journal={The Journal of Symbolic Logic},
  volume={60},
  number={2},
  pages={591--623},
  year={1995},
  publisher={Cambridge University Press}
}
@book{bezhanishvili2006lattices,
  title={Lattices of intermediate and cylindric modal logics},
  author={Bezhanishvili, Nick},
  year={2006},
  publisher={University of Amsterdam}
}
@article{andreka1998relativised,
  title={Relativised quantification: Some canonical varieties of sequence-set algebras},
  author={Andr{\'e}ka, Hajnal and Goldblatt, Robert and N{\'e}meti, Istv{\'a}n},
  journal={The Journal of Symbolic Logic},
  volume={63},
  number={1},
  pages={163--184},
  year={1998},
  publisher={Cambridge University Press}
}
@article{monk2000introduction,
  title={An introduction to cylindric set algebras},
  author={Monk, J Donald},
  journal={Logic Journal of the IGPL},
  volume={8},
  number={4},
  pages={451--496},
  year={2000},
  publisher={OUP}
}
@article{jonsson1951boolean,
  title={Boolean algebras with operators. Part I},
  author={J{\'o}nsson, Bjarni and Tarski, Alfred},
  journal={American journal of mathematics},
  volume={73},
  number={4},
  pages={891--939},
  year={1951},
  publisher={JSTOR}
}
@article{goldblatt1989varieties,
  title={Varieties of complex algebras},
  author={Goldblatt, Robert},
  journal={Annals of pure and applied logic},
  volume={44},
  number={3},
  pages={173--242},
  year={1989},
  publisher={Elsevier}
}
@book{henkin1981cylindric,
  title={Cylindric set algebras and related structures},
  author={Henkin, Leon and Monk, J Donald and Tarski, Alfred and Andr{\'e}ka, Hajnalka and N{\'e}meti, Istv{\'a}n},
  year={1981},
  publisher={Springer}
}
@book{hodges1993model,
  title={Model theory},
  author={Hodges, Wilfrid},
  year={1993},
  publisher={Cambridge University Press}
}
@book{chang1990model,
  title={Model theory},
  author={Chang, Chen Chung and Keisler, H Jerome},
  year={1990},
  publisher={Elsevier}
}